<?xml version="1.0" encoding="UTF-8"?><collection xmlns="http://www.loc.gov/MARC21/slim"><record><leader>00379nam--2200133-i-4500</leader><controlfield tag="001">000021541</controlfield><controlfield tag="002">20161230</controlfield><controlfield tag="005">20161230201034</controlfield><controlfield tag="008">060222s1000------------r-----000-0-eng-d</controlfield><datafield ind1=" " ind2=" " tag="100"><subfield code="a">Huldt, Lennart And Lagerqvist, Albin</subfield></datafield><datafield ind1=" " ind2=" " tag="245"><subfield code="a">Transition probabilities for lines of cri and mni</subfield></datafield><datafield ind1=" " ind2=" " tag="260"><subfield code="a">Stockholm, Almqvist &amp; Wiksells, 1952, 5 P</subfield></datafield><datafield ind1=" " ind2=" " tag="490"><subfield code="a">Arkiv For Fysik</subfield></datafield><datafield ind1=" " ind2=" " tag="852"><subfield code="a">5409</subfield></datafield></record></collection>